<record><leader>00000nas a2200000 i 4500</leader><controlfield tag="001">948020947</controlfield><controlfield tag="006">m     o  d        </controlfield><controlfield tag="007">cr |||||||||||</controlfield><controlfield tag="008">160427d19061929nvudn neo     0   a0eng  </controlfield><datafield ind1=" " ind2=" " tag="010"><subfield code="a">  2016271065</subfield></datafield><datafield ind1=" " ind2=" " tag="040"><subfield code="a">DLC</subfield><subfield code="b">eng</subfield><subfield code="e">rda</subfield><subfield code="c">DLC</subfield></datafield><datafield ind1="0" ind2=" " tag="022"><subfield code="a">2472-1808</subfield><subfield code="2">1</subfield></datafield><datafield ind1=" " ind2=" " tag="042"><subfield code="a">pcc</subfield><subfield code="a">nsdp</subfield></datafield><datafield ind1=" " ind2=" " tag="043"><subfield code="a">n-us-nv</subfield></datafield><datafield ind1="1" ind2="0" tag="050"><subfield code="a">ISSN RECORD</subfield></datafield><datafield ind1="1" ind2="0" tag="082"><subfield code="a">071</subfield><subfield code="2">23</subfield></datafield><datafield ind1=" " ind2="0" tag="222"><subfield code="a">Tonopah daily bonanza</subfield><subfield code="b">(Online)</subfield></datafield><datafield ind1="0" ind2="0" tag="245"><subfield code="a">Tonopah daily bonanza.</subfield></datafield><datafield ind1=" " ind2="1" tag="264"><subfield code="a">Tonopah, Nevada :</subfield><subfield code="b">W. W. Booth,</subfield><subfield code="c">1906-</subfield></datafield><datafield ind1=" " ind2=" " tag="300"><subfield code="a">1 online resource</subfield></datafield><datafield ind1=" " ind2=" " tag="310"><subfield code="a">Daily (except Mon.)</subfield></datafield><datafield ind1=" " ind2=" " tag="336"><subfield code="a">text</subfield><subfield code="b">txt</subfield><subfield code="2">rdacontent</subfield></datafield><datafield ind1=" " ind2=" " tag="337"><subfield code="a">computer</subfield><subfield code="b">c</subfield><subfield code="2">rdamedia</subfield></datafield><datafield ind1=" " ind2=" " tag="338"><subfield code="a">online resource</subfield><subfield code="b">cr</subfield><subfield code="2">rdacarrier</subfield></datafield><datafield ind1="1" ind2=" " tag="362"><subfield code="a">Began with vol. I, no. 1 (October 24, 1906); ceased November 16, 1929.</subfield></datafield><datafield ind1=" " ind2=" " tag="500"><subfield code="a">Publisher: Oct. 24, 1906-Jan. 25, 1911, W.W. Booth; Jan. 26, 1911-Nov. 16, 1929, Tonopah Bonanza Print. Co. Inc.</subfield></datafield><datafield ind1=" " ind2=" " tag="500"><subfield code="a">"Republican."</subfield></datafield><datafield ind1=" " ind2=" " tag="515"><subfield code="a">Frequent misnumbering.</subfield></datafield><datafield ind1=" " ind2=" " tag="580"><subfield code="a">Weekly edition: Tonopah bonanza.</subfield></datafield><datafield ind1=" " ind2=" " tag="588"><subfield code="a">Description based on: Vol. I, no. 1 (October 24, 1906); title from masthead (Chroniclingamerica.loc.gov, viewed April 27, 2016).</subfield></datafield><datafield ind1=" " ind2=" " tag="588"><subfield code="a">Latest issue consulted: Volume XXII, no. 166 (December 30, 1922) (Chroniclingamerica.loc.gov, viewed April 27, 2016).</subfield></datafield><datafield ind1=" " ind2="0" tag="650"><subfield code="a">Mines and mineral resources</subfield><subfield code="z">Nevada</subfield><subfield code="v">Newspapers.</subfield></datafield><datafield ind1=" " ind2="7" tag="650"><subfield code="a">Mines and mineral resources.</subfield><subfield code="2">fast</subfield><subfield code="0">(OCoLC)fst01022541</subfield></datafield><datafield ind1=" " ind2="0" tag="651"><subfield code="a">Tonopah (Nev.)</subfield><subfield code="v">Newspapers.</subfield></datafield><datafield ind1=" " ind2="7" tag="651"><subfield code="a">Nevada.</subfield><subfield code="2">fast</subfield><subfield code="0">(OCoLC)fst01205660</subfield></datafield><datafield ind1=" " ind2="7" tag="655"><subfield code="a">Newspapers.</subfield><subfield code="2">fast</subfield><subfield code="0">(OCoLC)fst01423814</subfield></datafield><datafield ind1=" " ind2=" " tag="752"><subfield code="a">United States</subfield><subfield code="b">Nevada</subfield><subfield code="c">Nye</subfield><subfield code="d">Tonopah.</subfield></datafield><datafield ind1="1" ind2=" " tag="775"><subfield code="t">Tonopah bonanza</subfield><subfield code="w">(DLC)sn 86076135</subfield></datafield><datafield ind1="0" ind2="8" tag="776"><subfield code="i">Originally issued in print:</subfield><subfield code="t">Tonopah daily bonanza</subfield><subfield code="x">2472-1794</subfield><subfield code="w">(DLC)sn 86076142</subfield><subfield code="w">(OCoLC)13562280</subfield></datafield><datafield ind1="0" ind2="7" tag="785"><subfield code="t">Tonopah daily times</subfield></datafield><datafield ind1="0" ind2="7" tag="785"><subfield code="t">Tonopah daily times and bonanza</subfield></datafield><datafield ind1="4" ind2="0" tag="856"><subfield code="u">http://www.loc.gov/chroniclingamerica/lccn/sn86076142/issues</subfield></datafield></record>